<?xml version="1.0" encoding="UTF-8"?><collection xmlns="http://www.loc.gov/MARC21/slim"><record><leader>00484nam--2200181-i-4500</leader><controlfield tag="001">000020538</controlfield><controlfield tag="002">20161230</controlfield><controlfield tag="005">20170222002926</controlfield><controlfield tag="008">060222s1000------------r-----000-0-eng-d</controlfield><datafield ind1=" " ind2=" " tag="020"><subfield code="a">3-540-54</subfield></datafield><datafield ind1=" " ind2=" " tag="080"><subfield code="a">538.945:537.312.62(061.3)</subfield></datafield><datafield ind1=" " ind2=" " tag="245"><subfield code="a">The physics and chemistry okf oxidee superconductors</subfield></datafield><datafield ind1=" " ind2=" " tag="260"><subfield code="a">Berlin</subfield><subfield code="b">Springer-Verlag</subfield><subfield code="c">1992</subfield></datafield><datafield ind1=" " ind2=" " tag="300"><subfield code="a">578 p</subfield></datafield><datafield ind1=" " ind2=" " tag="490"><subfield code="a">Springer Proceedings In Physics</subfield></datafield><datafield ind1=" " ind2=" " tag="700"><subfield code="a">Iye, Y</subfield></datafield><datafield ind1=" " ind2=" " tag="852"><subfield code="a">78675</subfield></datafield><datafield ind1=" " ind2=" " tag="CAT"><subfield code="a">SYS</subfield><subfield code="c">20170222</subfield><subfield code="h">002926</subfield></datafield></record></collection>